:20:STARTUMS
:25:76069559/0003267288
:28C:0
:60F:C251127EUR15188,85
:61:2511271127DR17,90NDDTKREF+
:86:105?00Basislastschrift?10931?20EREF+1046450041914
?21KREF+2025112686347345587700?22000000001754
?23MREF+5VYJ2258F7ZQG?24CRED+LU96ZZZ000000000000000?250058
?26SVWZ+1046450041914/. eBay S?27.a r.l., Ihr Einkauf bei eB
?28ay S.a r.l., Artikel- EREF:?29 1046450041914 MREF: 5VYJ22
?30PPLXLUL2?31LU89751000135104200E?32PayPal Europe S.a.r.l. et C
?33ie S.C.A?34992?6058F7ZQG CRED: LU96ZZZ0xxxx
?610000000000058 IBAN: LU89xxx?62000135104200E BIC: PPLXLUL2
:62F:C251127EUR15170,95
-
:20:STARTUMS
:25:76069559/0003267288
:28C:0
:60F:C251128EUR15170,95
:61:2511301128DR6,00NMSCNONREF
:86:805?00Abschluss?10905?20SVWZ+Abschluss per 30.11.20?2125
:62F:C251128EUR15164,95
-
:20:STARTUMS
:25:76069559/0003267288
:28C:0
:60F:C251201EUR15164,95
:61:2512011201DR39,90NDDTKREF+
:86:105?00Basislastschrift?10931?20EREF+N0003--0149-0002756
?21KREF+2025112887714453587700?22000000002008
?23MREF+MLREFN000309677?24CRED+DE89370400440532013000
?25SVWZ+N0003--0149-0002756 N0?26003-25070855 Trainings- und
?27 Servicepauschale 15.00 EUR?28 01.12.25/McFIT: Mega Deal 
?29Aktion 2022 24.90 EUR 01.12?30RZOODE77
?31DE89370400440532013000?32RSG Group GmbH?34992
?60.25-31.12. EREF: N0003--014?619-0002756 MREF: MLREFN00030
?629677 CRED: DE89370400440532013000?6351 IBAN: DE89370400440532013000
:61:2512011201DR453,11NDDTKREF+
:86:105?00Basislastschrift?10931?20EREF+134541375034
?21KREF+2025112887863057587700?22000000001187
?23MREF+M-200-002-644-385-2?24CRED+DE89370400440532013000?25PURP+OTHR
?26SVWZ+40-059254925/Leben?27/Unser Schreiben vom 26.11.
?282025 EREF: 134541375034 MRE?29F: M-200-002-644-385-2 CRED
?30WELADEDDXXX?31DE89370400440532013000
?32Lebensversicherung AG?34992?60: DE89370400440532013000 IBAN: 
?61DE89370400440532013000 BIC:?62 WELADEDDXXX
:61:2512011201CR175,00NTRFKREF+
:86:166?00Gutschrift?10931?20KREF+2025120189396728587800
?21000000000903?22SVWZ+Rate?30GENODEF1S05
?31DE89370400440532013000?32Max Mustermann
:62F:C251201EUR14846,94
-
